%YAML 1.1
%TAG !u! tag:unity3d.com,2011:
--- !u!1 &3065444439928026182
GameObject:
  m_ObjectHideFlags: 0
  m_CorrespondingSourceObject: {fileID: 0}
  m_PrefabInstance: {fileID: 0}
  m_PrefabAsset: {fileID: 0}
  serializedVersion: 6
  m_Component:
  - component: {fileID: 3065444439928026178}
  - component: {fileID: 3065444439928026177}
  - component: {fileID: 3065444439928026176}
  - component: {fileID: 3065444439928026183}
  m_Layer: 5
  m_Name: MainMenu
  m_TagString: Untagged
  m_Icon: {fileID: 0}
  m_NavMeshLayer: 0
  m_StaticEditorFlags: 0
  m_IsActive: 1
--- !u!224 &3065444439928026178
RectTransform:
  m_ObjectHideFlags: 0
  m_CorrespondingSourceObject: {fileID: 0}
  m_PrefabInstance: {fileID: 0}
  m_PrefabAsset: {fileID: 0}
  m_GameObject: {fileID: 3065444439928026182}
  m_LocalRotation: {x: 0, y: 0, z: 0, w: 1}
  m_LocalPosition: {x: 0, y: 0, z: 0}
  m_LocalScale: {x: 0, y: 0, z: 0}
  m_Children:
  - {fileID: 3065444441036130938}
  - {fileID: 2996083319934206133}
  - {fileID: 2996083319927675642}
  - {fileID: 2996083320516611525}
  m_Father: {fileID: 0}
  m_RootOrder: 0
  m_LocalEulerAnglesHint: {x: 0, y: 0, z: 0}
  m_AnchorMin: {x: 0, y: 0}
  m_AnchorMax: {x: 0, y: 0}
  m_AnchoredPosition: {x: 0, y: 0}
  m_SizeDelta: {x: 0, y: 0}
  m_Pivot: {x: 0, y: 0}
--- !u!223 &3065444439928026177
Canvas:
  m_ObjectHideFlags: 0
  m_CorrespondingSourceObject: {fileID: 0}
  m_PrefabInstance: {fileID: 0}
  m_PrefabAsset: {fileID: 0}
  m_GameObject: {fileID: 3065444439928026182}
  m_Enabled: 1
  serializedVersion: 3
  m_RenderMode: 0
  m_Camera: {fileID: 0}
  m_PlaneDistance: 100
  m_PixelPerfect: 0
  m_ReceivesEvents: 1
  m_OverrideSorting: 0
  m_OverridePixelPerfect: 0
  m_SortingBucketNormalizedSize: 0
  m_AdditionalShaderChannelsFlag: 0
  m_SortingLayerID: 0
  m_SortingOrder: 0
  m_TargetDisplay: 0
--- !u!114 &3065444439928026176
MonoBehaviour:
  m_ObjectHideFlags: 0
  m_CorrespondingSourceObject: {fileID: 0}
  m_PrefabInstance: {fileID: 0}
  m_PrefabAsset: {fileID: 0}
  m_GameObject: {fileID: 3065444439928026182}
  m_Enabled: 1
  m_EditorHideFlags: 0
  m_Script: {fileID: 1980459831, guid: f70555f144d8491a825f0804e09c671c, type: 3}
  m_Name: 
  m_EditorClassIdentifier: 
  m_UiScaleMode: 0
  m_ReferencePixelsPerUnit: 100
  m_ScaleFactor: 1
  m_ReferenceResolution: {x: 800, y: 600}
  m_ScreenMatchMode: 0
  m_MatchWidthOrHeight: 0
  m_PhysicalUnit: 3
  m_FallbackScreenDPI: 96
  m_DefaultSpriteDPI: 96
  m_DynamicPixelsPerUnit: 1
--- !u!114 &3065444439928026183
MonoBehaviour:
  m_ObjectHideFlags: 0
  m_CorrespondingSourceObject: {fileID: 0}
  m_PrefabInstance: {fileID: 0}
  m_PrefabAsset: {fileID: 0}
  m_GameObject: {fileID: 3065444439928026182}
  m_Enabled: 1
  m_EditorHideFlags: 0
  m_Script: {fileID: 1301386320, guid: f70555f144d8491a825f0804e09c671c, type: 3}
  m_Name: 
  m_EditorClassIdentifier: 
  m_IgnoreReversedGraphics: 1
  m_BlockingObjects: 0
  m_BlockingMask:
    serializedVersion: 2
    m_Bits: 4294967295
--- !u!1 &3065444441036130937
GameObject:
  m_ObjectHideFlags: 0
  m_CorrespondingSourceObject: {fileID: 0}
  m_PrefabInstance: {fileID: 0}
  m_PrefabAsset: {fileID: 0}
  serializedVersion: 6
  m_Component:
  - component: {fileID: 3065444441036130938}
  - component: {fileID: 3065444441036130884}
  - component: {fileID: 3065444441036130939}
  m_Layer: 5
  m_Name: MainMenuPanel
  m_TagString: Untagged
  m_Icon: {fileID: 0}
  m_NavMeshLayer: 0
  m_StaticEditorFlags: 0
  m_IsActive: 1
--- !u!224 &3065444441036130938
RectTransform:
  m_ObjectHideFlags: 0
  m_CorrespondingSourceObject: {fileID: 0}
  m_PrefabInstance: {fileID: 0}
  m_PrefabAsset: {fileID: 0}
  m_GameObject: {fileID: 3065444441036130937}
  m_LocalRotation: {x: 0, y: 0, z: 0, w: 1}
  m_LocalPosition: {x: 0, y: 0, z: 0}
  m_LocalScale: {x: 1, y: 1, z: 1}
  m_Children: []
  m_Father: {fileID: 3065444439928026178}
  m_RootOrder: 0
  m_LocalEulerAnglesHint: {x: 0, y: 0, z: 0}
  m_AnchorMin: {x: 0, y: 0}
  m_AnchorMax: {x: 1, y: 1}
  m_AnchoredPosition: {x: 0, y: 0}
  m_SizeDelta: {x: 0, y: 0}
  m_Pivot: {x: 0.5, y: 0.5}
--- !u!222 &3065444441036130884
CanvasRenderer:
  m_ObjectHideFlags: 0
  m_CorrespondingSourceObject: {fileID: 0}
  m_PrefabInstance: {fileID: 0}
  m_PrefabAsset: {fileID: 0}
  m_GameObject: {fileID: 3065444441036130937}
  m_CullTransparentMesh: 0
--- !u!114 &3065444441036130939
MonoBehaviour:
  m_ObjectHideFlags: 0
  m_CorrespondingSourceObject: {fileID: 0}
  m_PrefabInstance: {fileID: 0}
  m_PrefabAsset: {fileID: 0}
  m_GameObject: {fileID: 3065444441036130937}
  m_Enabled: 1
  m_EditorHideFlags: 0
  m_Script: {fileID: -765806418, guid: f70555f144d8491a825f0804e09c671c, type: 3}
  m_Name: 
  m_EditorClassIdentifier: 
  m_Material: {fileID: 0}
  m_Color: {r: 0, g: 0, b: 0, a: 1}
  m_RaycastTarget: 1
  m_OnCullStateChanged:
    m_PersistentCalls:
      m_Calls: []
    m_TypeName: UnityEngine.UI.MaskableGraphic+CullStateChangedEvent, UnityEngine.UI,
      Version=1.0.0.0, Culture=neutral, PublicKeyToken=null
  m_Sprite: {fileID: 10907, guid: 0000000000000000f000000000000000, type: 0}
  m_Type: 1
  m_PreserveAspect: 0
  m_FillCenter: 1
  m_FillMethod: 4
  m_FillAmount: 1
  m_FillClockwise: 1
  m_FillOrigin: 0
  m_UseSpriteMesh: 0
--- !u!1001 &3065444441204399879
PrefabInstance:
  m_ObjectHideFlags: 0
  serializedVersion: 2
  m_Modification:
    m_TransformParent: {fileID: 3065444439928026178}
    m_Modifications:
    - target: {fileID: 1381489731440956, guid: 0aa302abab71f73499dd96e7ca990a3d, type: 3}
      propertyPath: m_Name
      value: ExitGameMenu
      objectReference: {fileID: 0}
    - target: {fileID: 224789232230765250, guid: 0aa302abab71f73499dd96e7ca990a3d,
        type: 3}
      propertyPath: m_LocalPosition.x
      value: 0
      objectReference: {fileID: 0}
    - target: {fileID: 224789232230765250, guid: 0aa302abab71f73499dd96e7ca990a3d,
        type: 3}
      propertyPath: m_LocalPosition.y
      value: 0
      objectReference: {fileID: 0}
    - target: {fileID: 224789232230765250, guid: 0aa302abab71f73499dd96e7ca990a3d,
        type: 3}
      propertyPath: m_LocalPosition.z
      value: 0
      objectReference: {fileID: 0}
    - target: {fileID: 224789232230765250, guid: 0aa302abab71f73499dd96e7ca990a3d,
        type: 3}
      propertyPath: m_LocalRotation.x
      value: -0
      objectReference: {fileID: 0}
    - target: {fileID: 224789232230765250, guid: 0aa302abab71f73499dd96e7ca990a3d,
        type: 3}
      propertyPath: m_LocalRotation.y
      value: -0
      objectReference: {fileID: 0}
    - target: {fileID: 224789232230765250, guid: 0aa302abab71f73499dd96e7ca990a3d,
        type: 3}
      propertyPath: m_LocalRotation.z
      value: -0
      objectReference: {fileID: 0}
    - target: {fileID: 224789232230765250, guid: 0aa302abab71f73499dd96e7ca990a3d,
        type: 3}
      propertyPath: m_LocalRotation.w
      value: 1
      objectReference: {fileID: 0}
    - target: {fileID: 224789232230765250, guid: 0aa302abab71f73499dd96e7ca990a3d,
        type: 3}
      propertyPath: m_RootOrder
      value: 3
      objectReference: {fileID: 0}
    - target: {fileID: 224789232230765250, guid: 0aa302abab71f73499dd96e7ca990a3d,
        type: 3}
      propertyPath: m_LocalEulerAnglesHint.x
      value: 0
      objectReference: {fileID: 0}
    - target: {fileID: 224789232230765250, guid: 0aa302abab71f73499dd96e7ca990a3d,
        type: 3}
      propertyPath: m_LocalEulerAnglesHint.y
      value: 0
      objectReference: {fileID: 0}
    - target: {fileID: 224789232230765250, guid: 0aa302abab71f73499dd96e7ca990a3d,
        type: 3}
      propertyPath: m_LocalEulerAnglesHint.z
      value: 0
      objectReference: {fileID: 0}
    - target: {fileID: 224789232230765250, guid: 0aa302abab71f73499dd96e7ca990a3d,
        type: 3}
      propertyPath: m_AnchoredPosition.x
      value: -1.18
      objectReference: {fileID: 0}
    - target: {fileID: 224789232230765250, guid: 0aa302abab71f73499dd96e7ca990a3d,
        type: 3}
      propertyPath: m_AnchoredPosition.y
      value: -60
      objectReference: {fileID: 0}
    - target: {fileID: 224789232230765250, guid: 0aa302abab71f73499dd96e7ca990a3d,
        type: 3}
      propertyPath: m_SizeDelta.x
      value: 160
      objectReference: {fileID: 0}
    - target: {fileID: 224789232230765250, guid: 0aa302abab71f73499dd96e7ca990a3d,
        type: 3}
      propertyPath: m_SizeDelta.y
      value: 30
      objectReference: {fileID: 0}
    - target: {fileID: 224789232230765250, guid: 0aa302abab71f73499dd96e7ca990a3d,
        type: 3}
      propertyPath: m_AnchorMin.x
      value: 0.5
      objectReference: {fileID: 0}
    - target: {fileID: 224789232230765250, guid: 0aa302abab71f73499dd96e7ca990a3d,
        type: 3}
      propertyPath: m_AnchorMin.y
      value: 0.5
      objectReference: {fileID: 0}
    - target: {fileID: 224789232230765250, guid: 0aa302abab71f73499dd96e7ca990a3d,
        type: 3}
      propertyPath: m_AnchorMax.x
      value: 0.5
      objectReference: {fileID: 0}
    - target: {fileID: 224789232230765250, guid: 0aa302abab71f73499dd96e7ca990a3d,
        type: 3}
      propertyPath: m_AnchorMax.y
      value: 0.5
      objectReference: {fileID: 0}
    - target: {fileID: 224789232230765250, guid: 0aa302abab71f73499dd96e7ca990a3d,
        type: 3}
      propertyPath: m_Pivot.x
      value: 0.5
      objectReference: {fileID: 0}
    - target: {fileID: 224789232230765250, guid: 0aa302abab71f73499dd96e7ca990a3d,
        type: 3}
      propertyPath: m_Pivot.y
      value: 0.5
      objectReference: {fileID: 0}
    - target: {fileID: 114185767381205330, guid: 0aa302abab71f73499dd96e7ca990a3d,
        type: 3}
      propertyPath: m_OnClick.m_PersistentCalls.m_Calls.Array.size
      value: 1
      objectReference: {fileID: 0}
    - target: {fileID: 114185767381205330, guid: 0aa302abab71f73499dd96e7ca990a3d,
        type: 3}
      propertyPath: m_OnClick.m_PersistentCalls.m_Calls.Array.data[0].m_Mode
      value: 1
      objectReference: {fileID: 0}
    - target: {fileID: 114185767381205330, guid: 0aa302abab71f73499dd96e7ca990a3d,
        type: 3}
      propertyPath: m_OnClick.m_PersistentCalls.m_Calls.Array.data[0].m_CallState
      value: 2
      objectReference: {fileID: 0}
    - target: {fileID: 114185767381205330, guid: 0aa302abab71f73499dd96e7ca990a3d,
        type: 3}
      propertyPath: m_OnClick.m_PersistentCalls.m_Calls.Array.data[0].m_Target
      value: 
      objectReference: {fileID: 0}
    - target: {fileID: 114185767381205330, guid: 0aa302abab71f73499dd96e7ca990a3d,
        type: 3}
      propertyPath: m_OnClick.m_PersistentCalls.m_Calls.Array.data[0].m_MethodName
      value: ExitGame
      objectReference: {fileID: 0}
    - target: {fileID: 114185767381205330, guid: 0aa302abab71f73499dd96e7ca990a3d,
        type: 3}
      propertyPath: m_OnClick.m_PersistentCalls.m_Calls.Array.data[0].m_Arguments.m_ObjectArgumentAssemblyTypeName
      value: UnityEngine.Object, UnityEngine
      objectReference: {fileID: 0}
    - target: {fileID: 114680894107617308, guid: 0aa302abab71f73499dd96e7ca990a3d,
        type: 3}
      propertyPath: m_Text
      value: "\u0412\u044B\u0445\u043E\u0434"
      objectReference: {fileID: 0}
    - target: {fileID: 1758570371302614, guid: 0aa302abab71f73499dd96e7ca990a3d, type: 3}
      propertyPath: m_Name
      value: ExitGameButtonText
      objectReference: {fileID: 0}
    m_RemovedComponents: []
  m_SourcePrefab: {fileID: 100100000, guid: 0aa302abab71f73499dd96e7ca990a3d, type: 3}
--- !u!224 &2996083320516611525 stripped
RectTransform:
  m_CorrespondingSourceObject: {fileID: 224789232230765250, guid: 0aa302abab71f73499dd96e7ca990a3d,
    type: 3}
  m_PrefabInstance: {fileID: 3065444441204399879}
  m_PrefabAsset: {fileID: 0}
--- !u!1001 &3065444441691097144
PrefabInstance:
  m_ObjectHideFlags: 0
  serializedVersion: 2
  m_Modification:
    m_TransformParent: {fileID: 3065444439928026178}
    m_Modifications:
    - target: {fileID: 1381489731440956, guid: 0aa302abab71f73499dd96e7ca990a3d, type: 3}
      propertyPath: m_Name
      value: OptionsButton
      objectReference: {fileID: 0}
    - target: {fileID: 224789232230765250, guid: 0aa302abab71f73499dd96e7ca990a3d,
        type: 3}
      propertyPath: m_LocalPosition.x
      value: 0
      objectReference: {fileID: 0}
    - target: {fileID: 224789232230765250, guid: 0aa302abab71f73499dd96e7ca990a3d,
        type: 3}
      propertyPath: m_LocalPosition.y
      value: 0
      objectReference: {fileID: 0}
    - target: {fileID: 224789232230765250, guid: 0aa302abab71f73499dd96e7ca990a3d,
        type: 3}
      propertyPath: m_LocalPosition.z
      value: 0
      objectReference: {fileID: 0}
    - target: {fileID: 224789232230765250, guid: 0aa302abab71f73499dd96e7ca990a3d,
        type: 3}
      propertyPath: m_LocalRotation.x
      value: -0
      objectReference: {fileID: 0}
    - target: {fileID: 224789232230765250, guid: 0aa302abab71f73499dd96e7ca990a3d,
        type: 3}
      propertyPath: m_LocalRotation.y
      value: -0
      objectReference: {fileID: 0}
    - target: {fileID: 224789232230765250, guid: 0aa302abab71f73499dd96e7ca990a3d,
        type: 3}
      propertyPath: m_LocalRotation.z
      value: -0
      objectReference: {fileID: 0}
    - target: {fileID: 224789232230765250, guid: 0aa302abab71f73499dd96e7ca990a3d,
        type: 3}
      propertyPath: m_LocalRotation.w
      value: 1
      objectReference: {fileID: 0}
    - target: {fileID: 224789232230765250, guid: 0aa302abab71f73499dd96e7ca990a3d,
        type: 3}
      propertyPath: m_RootOrder
      value: 2
      objectReference: {fileID: 0}
    - target: {fileID: 224789232230765250, guid: 0aa302abab71f73499dd96e7ca990a3d,
        type: 3}
      propertyPath: m_LocalEulerAnglesHint.x
      value: 0
      objectReference: {fileID: 0}
    - target: {fileID: 224789232230765250, guid: 0aa302abab71f73499dd96e7ca990a3d,
        type: 3}
      propertyPath: m_LocalEulerAnglesHint.y
      value: 0
      objectReference: {fileID: 0}
    - target: {fileID: 224789232230765250, guid: 0aa302abab71f73499dd96e7ca990a3d,
        type: 3}
      propertyPath: m_LocalEulerAnglesHint.z
      value: 0
      objectReference: {fileID: 0}
    - target: {fileID: 224789232230765250, guid: 0aa302abab71f73499dd96e7ca990a3d,
        type: 3}
      propertyPath: m_AnchoredPosition.x
      value: -1.66
      objectReference: {fileID: 0}
    - target: {fileID: 224789232230765250, guid: 0aa302abab71f73499dd96e7ca990a3d,
        type: 3}
      propertyPath: m_AnchoredPosition.y
      value: -10
      objectReference: {fileID: 0}
    - target: {fileID: 224789232230765250, guid: 0aa302abab71f73499dd96e7ca990a3d,
        type: 3}
      propertyPath: m_SizeDelta.x
      value: 160
      objectReference: {fileID: 0}
    - target: {fileID: 224789232230765250, guid: 0aa302abab71f73499dd96e7ca990a3d,
        type: 3}
      propertyPath: m_SizeDelta.y
      value: 30
      objectReference: {fileID: 0}
    - target: {fileID: 224789232230765250, guid: 0aa302abab71f73499dd96e7ca990a3d,
        type: 3}
      propertyPath: m_AnchorMin.x
      value: 0.5
      objectReference: {fileID: 0}
    - target: {fileID: 224789232230765250, guid: 0aa302abab71f73499dd96e7ca990a3d,
        type: 3}
      propertyPath: m_AnchorMin.y
      value: 0.5
      objectReference: {fileID: 0}
    - target: {fileID: 224789232230765250, guid: 0aa302abab71f73499dd96e7ca990a3d,
        type: 3}
      propertyPath: m_AnchorMax.x
      value: 0.5
      objectReference: {fileID: 0}
    - target: {fileID: 224789232230765250, guid: 0aa302abab71f73499dd96e7ca990a3d,
        type: 3}
      propertyPath: m_AnchorMax.y
      value: 0.5
      objectReference: {fileID: 0}
    - target: {fileID: 224789232230765250, guid: 0aa302abab71f73499dd96e7ca990a3d,
        type: 3}
      propertyPath: m_Pivot.x
      value: 0.5
      objectReference: {fileID: 0}
    - target: {fileID: 224789232230765250, guid: 0aa302abab71f73499dd96e7ca990a3d,
        type: 3}
      propertyPath: m_Pivot.y
      value: 0.5
      objectReference: {fileID: 0}
    - target: {fileID: 114185767381205330, guid: 0aa302abab71f73499dd96e7ca990a3d,
        type: 3}
      propertyPath: m_OnClick.m_PersistentCalls.m_Calls.Array.size
      value: 2
      objectReference: {fileID: 0}
    - target: {fileID: 114185767381205330, guid: 0aa302abab71f73499dd96e7ca990a3d,
        type: 3}
      propertyPath: m_OnClick.m_PersistentCalls.m_Calls.Array.data[0].m_Mode
      value: 6
      objectReference: {fileID: 0}
    - target: {fileID: 114185767381205330, guid: 0aa302abab71f73499dd96e7ca990a3d,
        type: 3}
      propertyPath: m_OnClick.m_PersistentCalls.m_Calls.Array.data[0].m_CallState
      value: 2
      objectReference: {fileID: 0}
    - target: {fileID: 114185767381205330, guid: 0aa302abab71f73499dd96e7ca990a3d,
        type: 3}
      propertyPath: m_OnClick.m_PersistentCalls.m_Calls.Array.data[0].m_Target
      value: 
      objectReference: {fileID: 3065444439928026182}
    - target: {fileID: 114185767381205330, guid: 0aa302abab71f73499dd96e7ca990a3d,
        type: 3}
      propertyPath: m_OnClick.m_PersistentCalls.m_Calls.Array.data[0].m_MethodName
      value: SetActive
      objectReference: {fileID: 0}
    - target: {fileID: 114185767381205330, guid: 0aa302abab71f73499dd96e7ca990a3d,
        type: 3}
      propertyPath: m_OnClick.m_PersistentCalls.m_Calls.Array.data[0].m_Arguments.m_ObjectArgumentAssemblyTypeName
      value: UnityEngine.Object, UnityEngine
      objectReference: {fileID: 0}
    - target: {fileID: 114185767381205330, guid: 0aa302abab71f73499dd96e7ca990a3d,
        type: 3}
      propertyPath: m_OnClick.m_PersistentCalls.m_Calls.Array.data[1].m_Mode
      value: 6
      objectReference: {fileID: 0}
    - target: {fileID: 114185767381205330, guid: 0aa302abab71f73499dd96e7ca990a3d,
        type: 3}
      propertyPath: m_OnClick.m_PersistentCalls.m_Calls.Array.data[1].m_CallState
      value: 2
      objectReference: {fileID: 0}
    - target: {fileID: 114185767381205330, guid: 0aa302abab71f73499dd96e7ca990a3d,
        type: 3}
      propertyPath: m_OnClick.m_PersistentCalls.m_Calls.Array.data[1].m_Target
      value: 
      objectReference: {fileID: 0}
    - target: {fileID: 114185767381205330, guid: 0aa302abab71f73499dd96e7ca990a3d,
        type: 3}
      propertyPath: m_OnClick.m_PersistentCalls.m_Calls.Array.data[1].m_MethodName
      value: SetActive
      objectReference: {fileID: 0}
    - target: {fileID: 114185767381205330, guid: 0aa302abab71f73499dd96e7ca990a3d,
        type: 3}
      propertyPath: m_OnClick.m_PersistentCalls.m_Calls.Array.data[1].m_Arguments.m_ObjectArgumentAssemblyTypeName
      value: UnityEngine.Object, UnityEngine
      objectReference: {fileID: 0}
    - target: {fileID: 114185767381205330, guid: 0aa302abab71f73499dd96e7ca990a3d,
        type: 3}
      propertyPath: m_OnClick.m_PersistentCalls.m_Calls.Array.data[1].m_Arguments.m_BoolArgument
      value: 1
      objectReference: {fileID: 0}
    - target: {fileID: 114680894107617308, guid: 0aa302abab71f73499dd96e7ca990a3d,
        type: 3}
      propertyPath: m_Text
      value: "\u041F\u0430\u0440\u0430\u043C\u0435\u0442\u0440\u044B"
      objectReference: {fileID: 0}
    - target: {fileID: 1758570371302614, guid: 0aa302abab71f73499dd96e7ca990a3d, type: 3}
      propertyPath: m_Name
      value: OptionsMenuButtonText
      objectReference: {fileID: 0}
    m_RemovedComponents: []
  m_SourcePrefab: {fileID: 100100000, guid: 0aa302abab71f73499dd96e7ca990a3d, type: 3}
--- !u!224 &2996083319927675642 stripped
RectTransform:
  m_CorrespondingSourceObject: {fileID: 224789232230765250, guid: 0aa302abab71f73499dd96e7ca990a3d,
    type: 3}
  m_PrefabInstance: {fileID: 3065444441691097144}
  m_PrefabAsset: {fileID: 0}
--- !u!1001 &3065444441701765751
PrefabInstance:
  m_ObjectHideFlags: 0
  serializedVersion: 2
  m_Modification:
    m_TransformParent: {fileID: 3065444439928026178}
    m_Modifications:
    - target: {fileID: 1381489731440956, guid: 0aa302abab71f73499dd96e7ca990a3d, type: 3}
      propertyPath: m_Name
      value: StartGameButton
      objectReference: {fileID: 0}
    - target: {fileID: 224789232230765250, guid: 0aa302abab71f73499dd96e7ca990a3d,
        type: 3}
      propertyPath: m_LocalPosition.x
      value: 0
      objectReference: {fileID: 0}
    - target: {fileID: 224789232230765250, guid: 0aa302abab71f73499dd96e7ca990a3d,
        type: 3}
      propertyPath: m_LocalPosition.y
      value: 0
      objectReference: {fileID: 0}
    - target: {fileID: 224789232230765250, guid: 0aa302abab71f73499dd96e7ca990a3d,
        type: 3}
      propertyPath: m_LocalPosition.z
      value: 0
      objectReference: {fileID: 0}
    - target: {fileID: 224789232230765250, guid: 0aa302abab71f73499dd96e7ca990a3d,
        type: 3}
      propertyPath: m_LocalRotation.x
      value: 0
      objectReference: {fileID: 0}
    - target: {fileID: 224789232230765250, guid: 0aa302abab71f73499dd96e7ca990a3d,
        type: 3}
      propertyPath: m_LocalRotation.y
      value: 0
      objectReference: {fileID: 0}
    - target: {fileID: 224789232230765250, guid: 0aa302abab71f73499dd96e7ca990a3d,
        type: 3}
      propertyPath: m_LocalRotation.z
      value: 0
      objectReference: {fileID: 0}
    - target: {fileID: 224789232230765250, guid: 0aa302abab71f73499dd96e7ca990a3d,
        type: 3}
      propertyPath: m_LocalRotation.w
      value: 1
      objectReference: {fileID: 0}
    - target: {fileID: 224789232230765250, guid: 0aa302abab71f73499dd96e7ca990a3d,
        type: 3}
      propertyPath: m_RootOrder
      value: 1
      objectReference: {fileID: 0}
    - target: {fileID: 224789232230765250, guid: 0aa302abab71f73499dd96e7ca990a3d,
        type: 3}
      propertyPath: m_LocalEulerAnglesHint.x
      value: 0
      objectReference: {fileID: 0}
    - target: {fileID: 224789232230765250, guid: 0aa302abab71f73499dd96e7ca990a3d,
        type: 3}
      propertyPath: m_LocalEulerAnglesHint.y
      value: 0
      objectReference: {fileID: 0}
    - target: {fileID: 224789232230765250, guid: 0aa302abab71f73499dd96e7ca990a3d,
        type: 3}
      propertyPath: m_LocalEulerAnglesHint.z
      value: 0
      objectReference: {fileID: 0}
    - target: {fileID: 224789232230765250, guid: 0aa302abab71f73499dd96e7ca990a3d,
        type: 3}
      propertyPath: m_AnchoredPosition.x
      value: 0
      objectReference: {fileID: 0}
    - target: {fileID: 224789232230765250, guid: 0aa302abab71f73499dd96e7ca990a3d,
        type: 3}
      propertyPath: m_AnchoredPosition.y
      value: 40.3
      objectReference: {fileID: 0}
    - target: {fileID: 224789232230765250, guid: 0aa302abab71f73499dd96e7ca990a3d,
        type: 3}
      propertyPath: m_SizeDelta.x
      value: 160
      objectReference: {fileID: 0}
    - target: {fileID: 224789232230765250, guid: 0aa302abab71f73499dd96e7ca990a3d,
        type: 3}
      propertyPath: m_SizeDelta.y
      value: 30
      objectReference: {fileID: 0}
    - target: {fileID: 224789232230765250, guid: 0aa302abab71f73499dd96e7ca990a3d,
        type: 3}
      propertyPath: m_AnchorMin.x
      value: 0.5
      objectReference: {fileID: 0}
    - target: {fileID: 224789232230765250, guid: 0aa302abab71f73499dd96e7ca990a3d,
        type: 3}
      propertyPath: m_AnchorMin.y
      value: 0.5
      objectReference: {fileID: 0}
    - target: {fileID: 224789232230765250, guid: 0aa302abab71f73499dd96e7ca990a3d,
        type: 3}
      propertyPath: m_AnchorMax.x
      value: 0.5
      objectReference: {fileID: 0}
    - target: {fileID: 224789232230765250, guid: 0aa302abab71f73499dd96e7ca990a3d,
        type: 3}
      propertyPath: m_AnchorMax.y
      value: 0.5
      objectReference: {fileID: 0}
    - target: {fileID: 224789232230765250, guid: 0aa302abab71f73499dd96e7ca990a3d,
        type: 3}
      propertyPath: m_Pivot.x
      value: 0.5
      objectReference: {fileID: 0}
    - target: {fileID: 224789232230765250, guid: 0aa302abab71f73499dd96e7ca990a3d,
        type: 3}
      propertyPath: m_Pivot.y
      value: 0.5
      objectReference: {fileID: 0}
    - target: {fileID: 114185767381205330, guid: 0aa302abab71f73499dd96e7ca990a3d,
        type: 3}
      propertyPath: m_OnClick.m_PersistentCalls.m_Calls.Array.size
      value: 1
      objectReference: {fileID: 0}
    - target: {fileID: 114185767381205330, guid: 0aa302abab71f73499dd96e7ca990a3d,
        type: 3}
      propertyPath: m_OnClick.m_PersistentCalls.m_Calls.Array.data[0].m_Mode
      value: 1
      objectReference: {fileID: 0}
    - target: {fileID: 114185767381205330, guid: 0aa302abab71f73499dd96e7ca990a3d,
        type: 3}
      propertyPath: m_OnClick.m_PersistentCalls.m_Calls.Array.data[0].m_CallState
      value: 2
      objectReference: {fileID: 0}
    - target: {fileID: 114185767381205330, guid: 0aa302abab71f73499dd96e7ca990a3d,
        type: 3}
      propertyPath: m_OnClick.m_PersistentCalls.m_Calls.Array.data[0].m_Target
      value: 
      objectReference: {fileID: 0}
    - target: {fileID: 114185767381205330, guid: 0aa302abab71f73499dd96e7ca990a3d,
        type: 3}
      propertyPath: m_OnClick.m_PersistentCalls.m_Calls.Array.data[0].m_MethodName
      value: StartGame
      objectReference: {fileID: 0}
    - target: {fileID: 114185767381205330, guid: 0aa302abab71f73499dd96e7ca990a3d,
        type: 3}
      propertyPath: m_OnClick.m_PersistentCalls.m_Calls.Array.data[0].m_Arguments.m_ObjectArgumentAssemblyTypeName
      value: UnityEngine.Object, UnityEngine
      objectReference: {fileID: 0}
    - target: {fileID: 114680894107617308, guid: 0aa302abab71f73499dd96e7ca990a3d,
        type: 3}
      propertyPath: m_Text
      value: "\u041D\u0430\u0447\u0430\u0442\u044C \u0438\u0433\u0440\u0443"
      objectReference: {fileID: 0}
    - target: {fileID: 1758570371302614, guid: 0aa302abab71f73499dd96e7ca990a3d, type: 3}
      propertyPath: m_Name
      value: StartGameButtonText
      objectReference: {fileID: 0}
    m_RemovedComponents: []
  m_SourcePrefab: {fileID: 100100000, guid: 0aa302abab71f73499dd96e7ca990a3d, type: 3}
--- !u!224 &2996083319934206133 stripped
RectTransform:
  m_CorrespondingSourceObject: {fileID: 224789232230765250, guid: 0aa302abab71f73499dd96e7ca990a3d,
    type: 3}
  m_PrefabInstance: {fileID: 3065444441701765751}
  m_PrefabAsset: {fileID: 0}
